<record><leader>00000cas a22000007a 4500</leader><controlfield tag="001">12872547</controlfield><controlfield tag="008">851205d18491855vauwr ne      0    0eng d</controlfield><datafield ind1=" " ind2=" " tag="010"><subfield code="a">sn 85038637 </subfield></datafield><datafield ind1=" " ind2=" " tag="040"><subfield code="a">NPY</subfield><subfield code="b">eng</subfield><subfield code="c">NPY</subfield><subfield code="d">NVK</subfield><subfield code="d">OCL</subfield><subfield code="d">OCLCQ</subfield><subfield code="d">OCLCF</subfield><subfield code="d">OCLCO</subfield></datafield><datafield ind1=" " ind2=" " tag="042"><subfield code="a">msc</subfield></datafield><datafield ind1=" " ind2=" " tag="043"><subfield code="a">n-us-va</subfield></datafield><datafield ind1="0" ind2="4" tag="245"><subfield code="a">The Virginia messenger.</subfield></datafield><datafield ind1="1" ind2="3" tag="246"><subfield code="a">Messenger</subfield></datafield><datafield ind1="1" ind2="7" tag="246"><subfield code="a">Virginia messenger and general advertiser</subfield><subfield code="f">&lt;1851&gt;-</subfield></datafield><datafield ind1=" " ind2=" " tag="260"><subfield code="a">Staunton, Va. :</subfield><subfield code="b">J.F. Kurtz,</subfield><subfield code="c">-1855.</subfield></datafield><datafield ind1=" " ind2=" " tag="300"><subfield code="a">v. ;</subfield><subfield code="c">66 cm.</subfield></datafield><datafield ind1=" " ind2=" " tag="310"><subfield code="a">Weekly</subfield></datafield><datafield ind1="1" ind2=" " tag="362"><subfield code="a">Began in Nov. 1849.</subfield><subfield code="z">Cf. Cappon, L.J. Va. newspapers.</subfield></datafield><datafield ind1="0" ind2=" " tag="362"><subfield code="a">-v.6, no. 6 (Jan. 13, 1855).</subfield></datafield><datafield ind1=" " ind2=" " tag="500"><subfield code="a">Title listed in Gregory as: Virginia messenger and general advertiser.</subfield></datafield><datafield ind1=" " ind2=" " tag="500"><subfield code="a">"Devoted to local and general news, literature, morality ... &amp;c., &amp;c. Independent in politics."</subfield></datafield><datafield ind1=" " ind2=" " tag="500"><subfield code="a">Publisher varies: David Irick &amp; G.K. Gilmer, &lt;Jan., 1854&gt;.</subfield></datafield><datafield ind1=" " ind2=" " tag="588"><subfield code="a">Description based on: Vol. 1, no. 4 (Nov. 24, 1849).</subfield></datafield><datafield ind1=" " ind2="0" tag="651"><subfield code="a">Staunton (Va.)</subfield><subfield code="v">Newspapers.</subfield></datafield><datafield ind1=" " ind2="7" tag="655"><subfield code="a">Newspapers.</subfield><subfield code="2">fast</subfield><subfield code="0">(OCoLC)fst01423814</subfield></datafield><datafield ind1=" " ind2="7" tag="651"><subfield code="a">Virginia</subfield><subfield code="z">Staunton.</subfield><subfield code="2">fast</subfield><subfield code="0">(OCoLC)fst01204696</subfield></datafield><datafield ind1=" " ind2=" " tag="752"><subfield code="a">United States</subfield><subfield code="b">Virginia</subfield><subfield code="d">Staunton.</subfield></datafield><datafield ind1="0" ind2="0" tag="785"><subfield code="t">True American (Staunton, Va.)</subfield><subfield code="w">(DLC)sn 86071892</subfield></datafield></record>